<?xml version="1.0" encoding="UTF-8"?>
<collection xmlns:xsi="http://www.w3.org/2001/XMLSchema-instance" xsi:schemaLocation="http://www.loc.gov/MARC21/slim http://www.loc.gov/standards/marcxml/schema/MARC21slim.xsd" xmlns="http://www.loc.gov/MARC21/slim">
<record>
  <leader>01570cam a22002891a 4500</leader>
  <controlfield tag="001">3233694</controlfield>
  <controlfield tag="003">NNC</controlfield>
  <controlfield tag="005">20130520201230.0</controlfield>
  <controlfield tag="008">000211s1893    ua            000 0 arard</controlfield>
  <datafield tag="035" ind1=" " ind2=" ">
    <subfield code="a">(OCoLC)ocm43439987</subfield>
  </datafield>
  <datafield tag="035" ind1=" " ind2=" ">
    <subfield code="9">AUK6069CU</subfield>
  </datafield>
  <datafield tag="035" ind1=" " ind2=" ">
    <subfield code="a">(NNC)3233694</subfield>
  </datafield>
  <datafield tag="035" ind1=" " ind2=" ">
    <subfield code="a">3233694</subfield>
  </datafield>
  <datafield tag="040" ind1=" " ind2=" ">
    <subfield code="a">IUL</subfield>
    <subfield code="c">IUL</subfield>
    <subfield code="d">ZCU</subfield>
  </datafield>
  <datafield tag="050" ind1=" " ind2="4">
    <subfield code="a">B753.G33</subfield>
    <subfield code="b">I255</subfield>
  </datafield>
  <datafield tag="099" ind1=" " ind2=" ">
    <subfield code="a">893.791</subfield>
    <subfield code="a">G3452</subfield>
  </datafield>
  <datafield tag="100" ind1="1" ind2=" ">
    <subfield code="a">Murtaḍá al-Zabīdī, Muḥammad ibn Muḥammad,</subfield>
    <subfield code="d">1732 or 1733-1791.</subfield>
  </datafield>
  <datafield tag="245" ind1="1" ind2="0">
    <subfield code="a">Kitāb Itḥāf al-sādah al-muttaqīn bi-sharḥ asrār Iḥyāʾ ʻulūm al-dīn /</subfield>
    <subfield code="c">taṣnīf Muḥammad ibn Muḥammad al-Ḥusaynī al-Zabīdī al-shahīr bi-Murtaḍá.</subfield>
  </datafield>
  <datafield tag="246" ind1="3" ind2="0">
    <subfield code="a">Itḥāf al-sādah al-muttaqīn bi-sharḥ asrār Iḥyāʾ ʻulūm al-dīn</subfield>
  </datafield>
  <datafield tag="260" ind1=" " ind2=" ">
    <subfield code="a">Miṣr :</subfield>
    <subfield code="b">al-Maṭbaʻah al-Maymanīyah,</subfield>
    <subfield code="c">1311 [1893 or 4]</subfield>
  </datafield>
  <datafield tag="300" ind1=" " ind2=" ">
    <subfield code="a">10 v.</subfield>
  </datafield>
  <datafield tag="500" ind1=" " ind2=" ">
    <subfield code="a">"Fa-tatmiman lil-fāʾidah waḍaʻnā al-Iḥyāʾ al-madhkūr fī hāmish hādhā al-sharḥ (j. 1, s. 53) ... wa-badaʾnā fī awwal al-hāmish bi-waḍʻ kitāb Taʻrīf al-aḥyāʾ bi-faḍāʾil al-iḥyāʾ li-ʻAbd al-Qādir ibn Shaykh ibn ʻAbd Allāh al-ʻAydarūs Bā-ʻAlawī, wa-bi-al-hāmish ayḍan (j. 1, s. 41) Kitāb al-Imlā ʻan ishkalāt al-iḥyāʾ, taṣnīf al-Ghazzālī."</subfield>
  </datafield>
  <datafield tag="600" ind1="0" ind2="0">
    <subfield code="a">Ghazzālī,</subfield>
    <subfield code="d">1058-1111.</subfield>
    <subfield code="t">Iḥyāʼ ʻulūm al-dīn.</subfield>
  </datafield>
  <datafield tag="700" ind1="0" ind2=" ">
    <subfield code="a">Ghazzālī,</subfield>
    <subfield code="d">1058-1111.</subfield>
  </datafield>
  <datafield tag="700" ind1="1" ind2=" ">
    <subfield code="a">ʻAydarūs, ʻAbd al-Qādir ibn Shaykh,</subfield>
    <subfield code="d">1570-1627.</subfield>
  </datafield>
  <datafield tag="740" ind1="0" ind2="2">
    <subfield code="a">Taʻrīf al-aḥyāʾ bi-faḍāʾil al-iḥyāʾ</subfield>
  </datafield>
  <datafield tag="955" ind1=" " ind2=" ">
    <subfield code="b">0026817330</subfield>
    <subfield code="d">glx</subfield>
    <subfield code="e">893.791 G3452</subfield>
    <subfield code="v">v.6</subfield>
  </datafield>
</record>
</collection>